@misc{go,
	title={The Go Programming Language},
	url={https://golang.org/},
	journal={The Go Programming Language},
	howpublished = "\url{https://golang.org/}"
}
@article{hyde2009fallacy,
	title={The fallacy of premature optimization},
	author={Hyde, Randall},
	journal={Ubiquity},
	volume={2009},
	number={February},
	pages={1},
	year={2009},
	publisher={ACM}
}
@misc{haproxy,
	title={HAProxy},
	url={http://www.haproxy.org/},
	howpublished = "\url{http://www.haproxy.org/}"
	journal={HAProxy - The Reliable, High Performance TCP/HTTP Load Balancer}
}
@misc{docker,
	title={Docker},
	url={https://www.docker.com/},
	howpublished = "\url{https://www.docker.org/}",
	journal={Docker}
}